<?xml version="1.0" encoding="UTF-8"?><record xmlns="http://www.loc.gov/MARC21/slim" xmlns:cinclude="http://apache.org/cocoon/include/1.0" xmlns:zs="http://www.loc.gov/zing/srw/">
  <leader>00601cz  a2200145n  4500</leader>
  <controlfield tag="001">n  86107134 </controlfield>
  <controlfield tag="003">DLC</controlfield>
  <controlfield tag="005">20060110085800.0</controlfield>
  <controlfield tag="008">861002n| acannaab           |n aaa      </controlfield>
  <datafield tag="010" ind1=" " ind2=" ">
    <subfield code="a">n  86107134 </subfield>
  </datafield>
  <datafield tag="040" ind1=" " ind2=" ">
    <subfield code="a">DLC</subfield>
    <subfield code="c">DLC</subfield>
    <subfield code="d">DLC</subfield>
  </datafield>
  <datafield tag="100" ind1="1" ind2="0">
    <subfield code="a">Haase, Frank</subfield>
  </datafield>
  <datafield tag="670" ind1=" " ind2=" ">
    <subfield code="a">His Kleists Nachrichtentechnik, c1986:</subfield>
    <subfield code="b">t.p. (Frank Haase)</subfield>
  </datafield>
  <datafield tag="670" ind1=" " ind2=" ">
    <subfield code="a">Inszenierte Wirklichkeiten, 2000:</subfield>
    <subfield code="b">t.p. (Frank Haase) p. 162 (b. 1957)</subfield>
  </datafield>
  <datafield tag="670" ind1=" " ind2=" ">
    <subfield code="a">In medias res, c2005:</subfield>
    <subfield code="b">t.p. (Frank Haase) p. 205 (PD Dr. phil., Privatdozent für Mediengeschichte und Mediensemiotik an der Universität Basel am Institut für Medienwissenschaften)</subfield>
  </datafield>
</record>